
@Book{Hastie2009,
  author =       "Trevor Hastie and Robert Tibshirani and Jerome Friedman",
  title =        "Elements of Statistical Learning",
  publisher =    "Springer",
  year =         "2009",
  edition =      "2nd.",
  editor = 	 "",
  volume = 	 "",
  number = 	 "",
  series = 	 "Springer Series in Statistics",
  month = 	 "",
  note = 	 "",
}
@Book{Peters2012,
  author =       "Georg Peters and Pawan Lingras and Dominik Slezak and Yiyu
    Yao", 
  title =        "Rough Sets: Selected Methods and Applications in Management
  and Engineering",
  publisher =    "Springer",
  year =         "2012",
  edition =      "1st.",
  editor = 	 "",
  volume = 	 "",
  number = 	 "",
  series = 	 "Advanced Information and Knowledge Processing",
  month = 	 "",
  note = 	 "",
}
